<record><leader>00000cas a22000007a 4500</leader><controlfield tag="001">12153450</controlfield><controlfield tag="008">850613d18701870wiuwr ne      0    0eng d</controlfield><datafield ind1=" " ind2=" " tag="010"><subfield code="a">sn 85040809 </subfield></datafield><datafield ind1=" " ind2=" " tag="040"><subfield code="a">NPV</subfield><subfield code="b">eng</subfield><subfield code="c">NPV</subfield><subfield code="d">OCL</subfield><subfield code="d">OCLCQ</subfield></datafield><datafield ind1=" " ind2=" " tag="042"><subfield code="a">msc</subfield></datafield><datafield ind1=" " ind2=" " tag="045"><subfield code="a">w7w7</subfield></datafield><datafield ind1=" " ind2=" " tag="052"><subfield code="a">4123</subfield><subfield code="b">C6</subfield></datafield><datafield ind1="0" ind2="0" tag="245"><subfield code="a">Kilbourn City mirror.</subfield></datafield><datafield ind1=" " ind2=" " tag="260"><subfield code="a">Kilbourn City [i.e. Wisconsin Dells], Wis. :</subfield><subfield code="b">Davis, Wright &amp; Davis,</subfield><subfield code="c">1870-1870.</subfield></datafield><datafield ind1=" " ind2=" " tag="300"><subfield code="a">1 v.</subfield></datafield><datafield ind1=" " ind2=" " tag="310"><subfield code="a">Weekly</subfield></datafield><datafield ind1="0" ind2=" " tag="362"><subfield code="a">Vol. 3, no. 15 (Nov. 3, 1870)-v. 3, no. 22 (Dec. 22, 1870).</subfield></datafield><datafield ind1=" " ind2=" " tag="500"><subfield code="a">Editors: D.L. Davis, E.B. Davis &amp; G.E. Wright, Nov. 3, 1870-Dec. 22, 1870.</subfield></datafield><datafield ind1=" " ind2=" " tag="530"><subfield code="a">Available on microfilm from The State Historical Society of Wisconsin.</subfield></datafield><datafield ind1=" " ind2=" " tag="752"><subfield code="a">United States</subfield><subfield code="b">Wisconsin</subfield><subfield code="d">Columbia</subfield><subfield code="d">Wisconsin Dells.</subfield></datafield><datafield ind1="0" ind2="0" tag="780"><subfield code="t">Wisconsin mirror (Wisconsin Dells, Wis. : 1868)</subfield><subfield code="w">(DLC)sn 85040810</subfield></datafield><datafield ind1="0" ind2="0" tag="785"><subfield code="t">Mirror (Wisconsin Dells, Wis.)</subfield><subfield code="w">(DLC)sn 85040808</subfield></datafield></record>